<?xml version="1.0" encoding="UTF-8"?><record xmlns="http://www.loc.gov/MARC21/slim" xmlns:cinclude="http://apache.org/cocoon/include/1.0" xmlns:zs="http://www.loc.gov/zing/srw/">
  <leader>00528cz  a2200133n  4500</leader>
  <controlfield tag="001">n 2004091361</controlfield>
  <controlfield tag="003">DLC</controlfield>
  <controlfield tag="005">20040729163211.0</controlfield>
  <controlfield tag="008">040423n| acannaabn          |a aaa      </controlfield>
  <datafield tag="010" ind1=" " ind2=" ">
    <subfield code="a">n 2004091361</subfield>
  </datafield>
  <datafield tag="040" ind1=" " ind2=" ">
    <subfield code="a">DLC</subfield>
    <subfield code="b">eng</subfield>
    <subfield code="c">DLC</subfield>
    <subfield code="d">DLC</subfield>
  </datafield>
  <datafield tag="100" ind1="1" ind2=" ">
    <subfield code="a">Putilo, N. V.</subfield>
    <subfield code="q">(Natalʹi︠a︡ Vasilʹevna)</subfield>
  </datafield>
  <datafield tag="400" ind1="1" ind2=" ">
    <subfield code="a">Putilo, Natalʹi︠a︡ Vasilʹevna</subfield>
  </datafield>
  <datafield tag="670" ind1=" " ind2=" ">
    <subfield code="a">Kommentariĭ k Osnovam zakonodatelʹstva Rossiĭskoĭ Federat︠s︡ii ob okhrane zdorovʹi︠a︡ grazhdan, 2003:</subfield>
    <subfield code="b">t.p. (N.V. Putilo) t.p. verso (Putilo Natalʹi︠a︡ Vasilʹevna)</subfield>
  </datafield>
</record>